@article{DBLP:journals/jcss/FlajoletM85,
  author    = {Philippe Flajolet and
               G. Nigel Martin},
  title     = {Probabilistic Counting Algorithms for Data Base Applications},
  journal   = {J. Comput. Syst. Sci.},
  volume    = {31},
  number    = {2},
  pages     = {182--209},
  year      = {1985},
  url       = {https://doi.org/10.1016/0022-0000(85)90041-8},
  doi       = {10.1016/0022-0000(85)90041-8},
  timestamp = {Sun, 02 Jun 2019 20:56:24 +0200},
  biburl    = {https://dblp.org/rec/bib/journals/jcss/FlajoletM85},
  bibsource = {dblp computer science bibliography, https://dblp.org}
}


@article{DBLP:journals/cacm/Morris78a,
  author    = {Robert H. Morris Sr.},
  title     = {Counting Large Numbers of Events in Small Registers},
  journal   = {Commun. {ACM}},
  volume    = {21},
  number    = {10},
  pages     = {840--842},
  year      = {1978},
  url       = {https://doi.org/10.1145/359619.359627},
  doi       = {10.1145/359619.359627},
  timestamp = {Wed, 14 Nov 2018 10:22:31 +0100},
  biburl    = {https://dblp.org/rec/bib/journals/cacm/Morris78a},
  bibsource = {dblp computer science bibliography, https://dblp.org}
}


@article{DBLP:journals/corr/abs-1804-01642,
  author    = {Jaroslaw Blasiok},
  title     = {Optimal streaming and tracking distinct elements with high probability},
  journal   = {CoRR},
  volume    = {abs/1804.01642},
  year      = {2018},
  url       = {http://arxiv.org/abs/1804.01642},
  archivePrefix = {arXiv},
  eprint    = {1804.01642},
  timestamp = {Mon, 13 Aug 2018 16:48:13 +0200},
  biburl    = {https://dblp.org/rec/bib/journals/corr/abs-1804-01642},
  bibsource = {dblp computer science bibliography, https://dblp.org}
}
